<record><leader>00000cas a2200000 a 4500</leader><controlfield tag="001">22472492</controlfield><controlfield tag="008">901005c19uu9999nyuwr ne      0    0chi c</controlfield><datafield ind1=" " ind2=" " tag="010"><subfield code="a">sn 93033333 </subfield></datafield><datafield ind1=" " ind2=" " tag="040"><subfield code="a">CIN</subfield><subfield code="b">eng</subfield><subfield code="c">CIN</subfield><subfield code="d">IUP</subfield><subfield code="d">IUL</subfield><subfield code="d">DLC</subfield><subfield code="d">NVF</subfield><subfield code="d">OCLCQ</subfield><subfield code="d">WAU</subfield><subfield code="d">OCLCQ</subfield><subfield code="d">IUL</subfield><subfield code="d">OCLCF</subfield><subfield code="d">WAU</subfield><subfield code="d">DLC</subfield><subfield code="d">WAU</subfield></datafield><datafield ind1=" " ind2=" " tag="066"><subfield code="c">$1</subfield></datafield><datafield ind1=" " ind2=" " tag="042"><subfield code="a">pcc</subfield></datafield><datafield ind1=" " ind2=" " tag="043"><subfield code="a">n-us-ny</subfield></datafield><datafield ind1="0" ind2="0" tag="050"><subfield code="a">AP95.C4</subfield><subfield code="b">J43434</subfield></datafield><datafield ind1="0" ind2=" " tag="130"><subfield code="6">880-01</subfield><subfield code="a">Shi jie zhou kan (Whitestone, New York, N.Y.)</subfield></datafield><datafield ind1="1" ind2="0" tag="245"><subfield code="6">880-02</subfield><subfield code="a">Shi jie zhou kan =</subfield><subfield code="b">World journal weekly.</subfield></datafield><datafield ind1="3" ind2="1" tag="246"><subfield code="a">World journal weekly</subfield></datafield><datafield ind1=" " ind2=" " tag="260"><subfield code="a">Whitestone, N.Y. :</subfield><subfield code="b">World Journal</subfield></datafield><datafield ind1=" " ind2=" " tag="300"><subfield code="a">v. :</subfield><subfield code="b">ill. ;</subfield><subfield code="c">36 cm.</subfield></datafield><datafield ind1=" " ind2=" " tag="310"><subfield code="a">Weekly</subfield></datafield><datafield ind1=" " ind2=" " tag="385"><subfield code="n">eth</subfield><subfield code="a">Chinese Americans</subfield><subfield code="2">lcdgt</subfield></datafield><datafield ind1=" " ind2=" " tag="546"><subfield code="a">Chiefly in Chinese, with some English.</subfield></datafield><datafield ind1=" " ind2=" " tag="580"><subfield code="a">Sunday supplement to: Shi jie ri bao (Whitestone, New York, N.Y.).</subfield></datafield><datafield ind1=" " ind2=" " tag="588"><subfield code="a">Description based on: 336 (Aug. 26, 1990).</subfield></datafield><datafield ind1=" " ind2=" " tag="588"><subfield code="a">Latest issue consulted: Di 706 qi (Sept. 28/Oct. 4, 1997).</subfield></datafield><datafield ind1=" " ind2="0" tag="650"><subfield code="a">Chinese Americans</subfield><subfield code="v">Newspapers.</subfield></datafield><datafield ind1=" " ind2="0" tag="650"><subfield code="a">Chinese Americans</subfield><subfield code="z">New York (State)</subfield><subfield code="z">New York</subfield><subfield code="v">Newspapers.</subfield></datafield><datafield ind1=" " ind2="0" tag="651"><subfield code="a">New York (N.Y.)</subfield><subfield code="v">Newspapers.</subfield></datafield><datafield ind1=" " ind2="7" tag="650"><subfield code="a">Chinese Americans.</subfield><subfield code="2">fast</subfield><subfield code="0">(OCoLC)fst00857249</subfield></datafield><datafield ind1=" " ind2="7" tag="651"><subfield code="a">New York (State)</subfield><subfield code="z">New York.</subfield><subfield code="2">fast</subfield><subfield code="0">(OCoLC)fst01204333</subfield></datafield><datafield ind1=" " ind2="7" tag="655"><subfield code="a">Chinese American newspapers.</subfield><subfield code="2">ngl</subfield></datafield><datafield ind1=" " ind2="7" tag="655"><subfield code="a">Newspapers.</subfield><subfield code="2">lcgft</subfield></datafield><datafield ind1=" " ind2="7" tag="655"><subfield code="a">Newspapers.</subfield><subfield code="2">fast</subfield><subfield code="0">(OCoLC)fst01423814</subfield></datafield><datafield ind1=" " ind2=" " tag="752"><subfield code="a">United States</subfield><subfield code="b">New York</subfield><subfield code="c">New York</subfield><subfield code="d">New York.</subfield></datafield><datafield ind1=" " ind2=" " tag="752"><subfield code="a">United States</subfield><subfield code="b">New York</subfield><subfield code="c">Queens</subfield><subfield code="d">Whitestone.</subfield></datafield><datafield ind1="0" ind2=" " tag="775"><subfield code="6">880-03</subfield><subfield code="t">Shi jie ri bao</subfield><subfield code="w">(DLC)sn 86014175</subfield><subfield code="w">(OCoLC)10904204</subfield></datafield><datafield ind1=" " ind2=" " tag="850"><subfield code="a">DLC</subfield></datafield><datafield ind1="0" ind2=" " tag="880"><subfield code="6">130-01/$1</subfield><subfield code="a">&#19990;&#30028;&#21608;&#21002; (Whitestone, New York, N.Y.)</subfield></datafield><datafield ind1="1" ind2="0" tag="880"><subfield code="6">245-02/$1</subfield><subfield code="a">&#19990;&#30028;&#21608;&#21002; =</subfield><subfield code="b">World journal weekly.</subfield></datafield><datafield ind1="0" ind2=" " tag="880"><subfield code="6">775-03/$1</subfield><subfield code="t">&#19990;&#30028;&#26085;&#22577;</subfield><subfield code="w">(DLC)sn 86014175</subfield><subfield code="w">(OCoLC)10904204</subfield></datafield><datafield ind1="1" ind2=" " tag="029"><subfield code="a">AU@</subfield><subfield code="b">000015611185</subfield></datafield><datafield ind1="1" ind2=" " tag="029"><subfield code="a">AU@</subfield><subfield code="b">000028453816</subfield></datafield></record>